<record xmlns='http://www.loc.gov/MARC21/slim'><leader>02822ntm a2200469Ii 4500</leader><controlfield tag='001'>991058289658406011</controlfield><controlfield tag='005'>20220407114102.0</controlfield><controlfield tag='008'>220324q14001900fr  a         000 0 eng d</controlfield><datafield ind1=' ' ind2=' ' tag='035'><subfield code='a'>(OCoLC)1305306771h</subfield></datafield><datafield ind1=' ' ind2=' ' tag='035'><subfield code='a'>(OCoLC)on1305306771h</subfield></datafield><datafield ind1=' ' ind2=' ' tag='040'><subfield code='a'>HRH</subfield><subfield code='b'>eng</subfield><subfield code='e'>dcrmmss</subfield><subfield code='c'>HRH</subfield></datafield><datafield ind1=' ' ind2=' ' tag='041'><subfield code='a'>lat</subfield></datafield><datafield ind1=' ' ind2=' ' tag='049'><subfield code='a'>HRHH</subfield></datafield><datafield ind1=' ' ind2='9' tag='099'><subfield code='a'>MS 3327, Container 2</subfield></datafield><datafield ind1='0' ind2='0' tag='245'><subfield code='a'>Book of hours, use of Rome</subfield><subfield code='k'>manuscript.</subfield></datafield><datafield ind1=' ' ind2='0' tag='264'><subfield code='a'>France;</subfield><subfield code='c'>15th and 19th/20th century</subfield></datafield><datafield ind1=' ' ind2=' ' tag='300'><subfield code='a'>98 leaves:</subfield><subfield code='b'>parchment, illustrations</subfield><subfield code='c'>19 x 18 cm</subfield></datafield><datafield ind1=' ' ind2=' ' tag='336'><subfield code='a'>text</subfield><subfield code='b'>txt</subfield><subfield code='2'>rdacontent</subfield></datafield><datafield ind1=' ' ind2=' ' tag='337'><subfield code='a'>unmediated</subfield><subfield code='b'>n</subfield><subfield code='2'>rdamedia</subfield></datafield><datafield ind1=' ' ind2=' ' tag='338'><subfield code='a'>volume</subfield><subfield code='b'>nc</subfield><subfield code='2'>rdacarrier</subfield></datafield><datafield ind1=' ' ind2=' ' tag='500'><subfield code='a'>Title devised by cataloger.</subfield></datafield><datafield ind1=' ' ind2=' ' tag='500'><subfield code='a'>Decorated with thirteen full-page miniatures, one half-page miniature, and 144 bas de page vignettes, the majority depicting animals; all or most miniatures overpainted or modern fabrications, using gold paint and lacquer.</subfield></datafield><datafield ind1=' ' ind2=' ' tag='500'><subfield code='a'>Gothic textualis formata script; Layout is 19 long lines ruled in faint red ink.</subfield></datafield><datafield ind1=' ' ind2=' ' tag='506'><subfield code='a'>Unrestricted, for either reading room or classroom use, but coach user: use cradle.</subfield></datafield><datafield ind1=' ' ind2=' ' tag='581'><subfield code='a'>Mauck, Marchita Bradford. The Problems of Texas Ms Misc. Hours 2. A Book of Hours of the Virgin. Tulane University: Thesis, 1967.</subfield></datafield><datafield ind1=' ' ind2=' ' tag='590'><subfield code='a'>MS 3327, Container 2: From the William H. and Miriam Lutcher Stark Collection; see De Ricci, University of Texas no. 6. Bibliography: Marchita Bradford Mauck, The Problems of Texas Ms Misc. Hours 2. A Book of Hours of the Virgin. Master&apos;s thesis, Tulane University, 1967. DIDB Record Number: 3094. Binding: Bookblock resewn, rebound. K118 binding structure (full off-white tawed goatskin over wood boards; sewn all-along over five raised bands; sewn endbands; 2 brass fore-edge catchplates, tawed clasps). (HRC 1980s) Previous binding: Full brown tanned goatskin binding by Riviere 20th c. Binding and housing retained as HRC 2a.</subfield></datafield><datafield ind1=' ' ind2=' ' tag='590'><subfield code='a'>A digital surrogate of Ransom Center copy MS 3327, Container 2 is available through the Digital Scriptorium.</subfield></datafield><datafield ind1=' ' ind2='7' tag='655'><subfield code='a'>Books of hours.</subfield><subfield code='2'>rbgenr</subfield></datafield><datafield ind1=' ' ind2='7' tag='655'><subfield code='a'>Decorated initials.</subfield><subfield code='2'>aat</subfield></datafield><datafield ind1=' ' ind2='7' tag='655'><subfield code='a'>Illuminated manuscripts.</subfield><subfield code='2'>aat</subfield></datafield><datafield ind1=' ' ind2='7' tag='655'><subfield code='a'>Miniatures (paintings)</subfield><subfield code='2'>aat</subfield></datafield><datafield ind1='1' ind2=' ' tag='790'><subfield code='a'>Stark, Miriam Lutcher, 1859-1936,</subfield><subfield code='e'>former owner.</subfield></datafield><datafield ind1='1' ind2=' ' tag='790'><subfield code='a'>Stark, William Henry, 1851-1936,</subfield><subfield code='e'>former owner.</subfield></datafield><datafield ind1='2' ind2=' ' tag='791'><subfield code='a'>Medieval and Early Modern Manuscripts Collection.</subfield></datafield><datafield ind1=' ' ind2=' ' tag='752'><subfield code='a'>France,</subfield><subfield code='e'>producation place.</subfield></datafield><datafield ind1='4' ind2='0' tag='856'><subfield code='u'>http://ds.lib.berkeley.edu/HRC002_37</subfield><subfield code='y'>Digital copy for MS 3327, Container 2</subfield></datafield><datafield ind1=' ' ind2=' ' tag='945'><subfield code='a'>blw</subfield></datafield><datafield ind1='2' ind2=' ' tag='979'><subfield code='a'>Medieval and Early Modern Manuscripts Collection.</subfield></datafield><datafield ind1='1' ind2=' ' tag='979'><subfield code='a'>Stark, Miriam Lutcher, 1859-1936,</subfield><subfield code='e'>former owner.</subfield></datafield><datafield ind1='1' ind2=' ' tag='979'><subfield code='a'>Stark, William Henry, 1851-1936,</subfield><subfield code='e'>former owner.</subfield></datafield><datafield ind1='2' ind2=' ' tag='979'><subfield code='a'>Medieval and Early Modern Manuscripts Collection.</subfield></datafield><datafield ind1=' ' ind2=' ' tag='994'><subfield code='a'>C0</subfield><subfield code='b'>HRH</subfield></datafield></record>
